@article{lim,
title={A survey and comparative study on the instruments for glaucoma detection},
author={Lim, Teik-Cheng and Chattopadhyay, Subhagata and Acharya, U Rajendra},
journal={Medical engineering \& physics},
volume={34},
number={2},
pages={129--139},
year={2012},
publisher={Elsevier}
}


@article{universaleyehealth,
title={Universal eye health: a global action plan 2014-2019},
author={{World Health Organization}},
year={2013},
publisher={World Health Organization}
}


@article{Foster,
title={Magnitude and causes of blindness in the developing world},
author={Foster, Allen and Johnson, Gordon J},
journal={International ophthalmology},
volume={14},
number={3},
pages={135--140},
year={1990},
publisher={Springer}
}

@article{ref1,
title={Magnitude, temporal trends, and projections of the global prevalence of blindness and distance and near vision impairment: a systematic review and meta-analysis},
author={Bourne, Rupert RA and Flaxman, Seth R and Braithwaite, Tasanee and Cicinelli, Maria V and Das, Aditi and Jonas, Jost B and Keeffe, Jill and Kempen, John H and Leasher, Janet and Limburg, Hans and others},
journal={The Lancet Global Health},
volume={5},
number={9},
pages={e888--e897},
year={2017},
publisher={Elsevier}
}

@misc{centreeyeres,
title={Tunnel vision: the economic impact of primary open angle glaucoma},
author={{Access Economics}},
year={2008},
publisher={Report for the Centre for Eye Research Australia}
}


@article{ref2,
  title={Global estimates of visual impairment: 2010},
  author={Pascolini, Donatella and Mariotti, Silvio Paolo},
  journal={British Journal of Ophthalmology},
  volume={96},
  number={5},
  pages={614--618},
  year={2012},
  publisher={BMJ Publishing Group Ltd}
}



@article{ref4,
title={Visual impairment and blindness in adults in the United States: demographic and geographic variations from 2015 to 2050},
author={Varma, Rohit and Vajaranant, Thasarat S and Burkemper, Bruce and Wu, Shuang and Torres, Mina and Hsu, Chunyi and Choudhury, Farzana and McKean-Cowdin, Roberta},
journal={JAMA ophthalmology},
volume={134},
number={7},
pages={802--809},
year={2016},
publisher={American Medical Association}
}


@article{ref5,
title={Global causes of blindness and distance vision impairment 1990--2020: a systematic review and meta-analysis},
author={Flaxman, Seth R and Bourne, Rupert RA and Resnikoff, Serge and Ackland, Peter and Braithwaite, Tasanee and Cicinelli, Maria V and Das, Aditi and Jonas, Jost B and Keeffe, Jill and Kempen, John H and others},
journal={The Lancet Global Health},
volume={5},
number={12},
pages={e1221--e1234},
year={2017},
publisher={Elsevier}
}

@article{ref10,
title={Causes of vision loss worldwide, 1990--2010: a systematic analysis},
author={Bourne, Rupert RA and Stevens, Gretchen A and White, Richard A and Smith, Jennifer L and Flaxman, Seth R and Price, Holly and Jonas, Jost B and Keeffe, Jill and Leasher, Janet and Naidoo, Kovin and others},
journal={The lancet global health},
volume={1},
number={6},
pages={e339--e349},
year={2013},
publisher={Elsevier}
}


@article{ref11,
title={Global prevalence of glaucoma and projections of glaucoma burden through 2040: a systematic review and meta-analysis},
author={Tham, Yih-Chung and Li, Xiang and Wong, Tien Y and Quigley, Harry A and Aung, Tin and Cheng, Ching-Yu},
journal={Ophthalmology},
volume={121},
number={11},
pages={2081--2090},
year={2014},
publisher={Elsevier}
}


@article{Kingman,
title={Glaucoma is second leading cause of blindness globally},
author={Kingman, Sharon},
journal={Bulletin of the World Health Organization},
volume={82},
pages={887--888},
year={2004},
publisher={SciELO Public Health}
}

@article{ref3,
title={The number of people with glaucoma worldwide in 2010 and 2020},
author={Quigley, Harry A and Broman, Aimee T},
journal={British journal of ophthalmology},
volume={90},
number={3},
pages={262--267},
year={2006},
publisher={BMJ Publishing Group Ltd}
}

@article{ref12,
title={Prevalence of open-angle glaucoma in a rural south Indian population},
author={Vijaya, Lingam and George, Ronnie and Paul, Pradeep G and Baskaran, Mani and Arvind, Hemamalini and Raju, Prema and Ramesh, S Ve and Kumaramanickavel, Govindasamy and McCarty, Catherine},
journal={Investigative ophthalmology \& visual science},
volume={46},
number={12},
pages={4461--4467},
year={2005},
publisher={The Association for Research in Vision and Ophthalmology}
}


@article{ref13,
title={The prevalence and types of glaucoma in Malay people: the Singapore Malay Eye Study},
author={Shen, Sunny Y and Wong, Tien Y and Foster, Paul J and Loo, Jing-Liang and Rosman, Mohamad and Loon, Seng-Chee and Wong, Wan Ling and Saw, Seang-Mei and Aung, Tin},
journal={Investigative ophthalmology \& visual science},
volume={49},
number={9},
pages={3846--3851},
year={2008},
publisher={The Association for Research in Vision and Ophthalmology}
}


@article{ref14,
title={Pharmacotherapy of intraocular pressure: part I. Parasympathomimetic, sympathomimetic and sympatholytics},
author={Costagliola, Ciro and Dell'Omo, Roberto and Romano, Mario R and Rinaldi, Michele and Zeppa, Lucia and Parmeggiani, Francesco},
journal={Expert opinion on Pharmacotherapy},
volume={10},
number={16},
pages={2663--2677},
year={2009},
publisher={Taylor \& Francis}
}

retrouver
@article {ref15,
author = {Costagliola, C. and Dellâ€™Omo, R. and Romano, MR. and Zeppa, L. and Parmeggiani, F.} ,
journal={Expert Opin Pharmacother},
title = {Pharmacotherapy of intraocular pressure: part II. Parasympathomimetic, sympathomimetic and sympatholytics.},
volume = {10},
number = {17},
month={Nov},
year = {2009},
pages = {2859--2870}
}


@article{abramoff,
title={Retinal imaging and image analysis},
author={Abr{\`a}moff, Michael D and Garvin, Mona K and Sonka, Milan},
journal={IEEE reviews in biomedical engineering},
volume={3},
pages={169--208},
year={2010},
publisher={IEEE}
}


@article{elloumi,
title={A mobile computer aided system for optic nerve head detection},
author={Elloumi, Yaroub and Akil, Mohamed and Kehtarnavaz, Nasser},
journal={Computer methods and programs in biomedicine},
volume={162},
pages={139--148},
year={2018},
publisher={Elsevier}
}

@inproceedings{liu,
title={ARGALI: an automatic cup-to-disc ratio measurement system for glaucoma analysis using level-set image processing},
author={Liu, J and Wong, DWK and Lim, JH and Li, H and Tan, NM and Zhang, Z and Wong, TY and Lavanya, R},
booktitle={13th International Conference on Biomedical Engineering},
pages={559--562},
year={2009},
organization={Springer}
}


@article {singh,
author = {Singh, Ma. and Singh, Mo. and Jiwanpreet, KaurVirk},
journal={International Journal of Computer Science \& Communication},
title = {Glaucoma Screening Using Compensated Cup-to-Disk Ratio Value},
volume={6},
number={2},
month={Sep},
year = {2015},
pages = {83-91}
}

@article{cheng,
title={Superpixel classification based optic disc and optic cup segmentation for glaucoma screening},
author={Cheng, Jun and Liu, Jiang and Xu, Yanwu and Yin, Fengshou and Wong, Damon Wing Kee and Tan, Ngan-Meng and Tao, Dacheng and Cheng, Ching-Yu and Aung, Tin and Wong, Tien Yin},
journal={IEEE transactions on Medical Imaging},
volume={32},
number={6},
pages={1019--1032},
year={2013},
publisher={IEEE}
}

@inproceedings{blanckenberg,
title={Development of a mobile phone based ophthalmoscope for telemedicine},
author={Blanckenberg, Mike and Worst, Christo and Scheffer, Cornie},
booktitle={2011 Annual International Conference of the IEEE Engineering in Medicine and Biology Society},
pages={5236--5239},
year={2011},
organization={IEEE}
}

@article{bourouis,
title={An intelligent mobile based decision support system for retinal disease diagnosis},
author={Bourouis, Abderrahim and Feham, Mohammed and Hossain, M Alamgir and Zhang, Li},
journal={Decision Support Systems},
volume={59},
pages={341--350},
year={2014},
publisher={Elsevier}
}

@article{slic,
title={SLIC superpixels compared to state-of-the-art superpixel methods},
author={Achanta, Radhakrishna and Shaji, Appu and Smith, Kevin and Lucchi, Aurelien and Fua, Pascal and S{\"u}sstrunk, Sabine},
journal={IEEE transactions on pattern analysis and machine intelligence},
volume={34},
number={11},
pages={2274--2282},
year={2012},
publisher={IEEE}
}

@article{chanvese,
title={Active contours without edges},
author={Chan, Tony F and Vese, Luminita A},
journal={IEEE Transactions on image processing},
volume={10},
number={2},
pages={266--277},
year={2001},
publisher={IEEE}
}


@article {singh2,
author = {Singh, M. and Singh, M. and JiwanpreetKaurVirk},
journal={Computer Science and Electronics Journals},
title = {Glaucoma Detection Techniques: A Review},
volume={6},
number={2},
month={Sep},
year = {2015},
pages = {66--76}
}

@inproceedings{cdr,
title={Level-set based automatic cup-to-disc ratio determination using retinal fundus images in ARGALI},
author={Wong, DWK and Liu, J and Lim, JH and Jia, X and Yin, F and Li, H and Wong, TY},
booktitle={2008 30th Annual International Conference of the IEEE Engineering in Medicine and Biology Society},
pages={2266--2269},
year={2008},
organization={IEEE}
}

@article{diameter,
title={Optic disc size, an important consideration in the glaucoma evaluation},
author={Hancox, OD and Michael, D},
journal={Clinical Eye and Vision Care},
volume={11},
number={2},
pages={59--62},
year={1999},
publisher={Elsevier}
}


@article {isnt,
title={Detection of glaucoma from retinal fundus images by analysing ISNT measurement and features of optic cup and blood vessels},
author={Thakkar, Kartik and Chauhan, Kinjan and Sudhalkar, Anand and Gulati, Ravi and Ophthalmologist, MS},
journal={Int. J. Eng. Technol. Sci. Res. IJETSR},
volume={4},
number={7},
pages={2394--3386},
year={2017}
}


@article{ophthal1,
  title={Papille optique et glaucome},
  author={Bourne, Rupert RA},
  journal={Revue de Sant{\'e} Oculaire Communautaire},
  volume={4},
  number={3},
  pages={8--9},
  year={2007}
}


%----------------------- Bases ---------------------------------

Base Varia

@article{varia,
title={Retinal verification using a feature points-based biometric pattern},
author={Ortega, Marcos and Penedo, Manuel G and Rouco, Jos{\'e} and Barreira, Noelia and Carreira, Mar{\'\i}a J},
journal={EURASIP Journal on Advances in Signal Processing},
volume={2009},
pages={2},
year={2009},
publisher={Hindawi Publishing Corp.},
url={http://www.varpa.es/research/biometrics.html}
}


@article{varia2,
title={Personal verification based on extraction and characterisation of retinal feature points},
author={Ortega, Marcos and Penedo, Manuel G and Rouco, Jos{\'e} and Barreira, Noelia and Carreira, Mar{\'\i}a J},
journal={Journal of Visual Languages \& Computing},
volume={20},
number={2},
pages={80--90},
year={2009},
publisher={Elsevier}
}

Base Drive

@article{drive,
title={Ridge-based vessel segmentation in color images of the retina},
author={Staal, Joes and Abr{\`a}moff, Michael D and Niemeijer, Meindert and Viergever, Max A and Van Ginneken, Bram},
journal={IEEE transactions on medical imaging},
volume={23},
number={4},
pages={501--509},
year={2004},
publisher={IEEE},
url = {https://www.isi.uu.nl/Research/Databases/DRIVE/}
}

Base STARE

@inproceedings{stare,
title={Locating blood vessels in retinal images by piece-wise threshold probing of a matched filter response.},
author={Hoover, Adam and Kouznetsova, Valentina and Goldbaum, Michael},
booktitle={Proceedings of the AMIA Symposium},
pages={931},
year={1998},
organization={American Medical Informatics Association},
url={http://cecas.clemson.edu/~ahoover/stare/}
}


@article{stare2,
title={Locating the optic nerve in a retinal image using the fuzzy convergence of the blood vessels},
author={Hoover, Adam and Goldbaum, Michael},
journal={IEEE transactions on medical imaging},
volume={22},
number={8},
pages={951--958},
year={2003},
publisher={IEEE}
}


Base MESSIDOR

@article{messidor,
title={Feedback on a publicly distributed image database: the Messidor database},
author={Decenci{\`e}re, Etienne and Zhang, Xiwei and Cazuguel, Guy and Lay, Bruno and Cochener, B{\'e}atrice and Trone, Caroline and Gain, Philippe and Ordonez, Richard and Massin, Pascale and Erginay, Ali and others},
journal={Image Analysis \& Stereology},
volume={33},
number={3},
pages={231--234},
year={2014},
url={http://www.adcis.net/fr/T%C3%A9l%C3%A9charger-Logiciels-Bases-Tiers/Messidor.html}
}



Base HRF

@article{hrf,
title={Robust vessel segmentation in fundus images},
author={Budai, Attila and Bock, R{\"u}diger and Maier, Andreas and Hornegger, Joachim and Michelson, Georg},
journal={International journal of biomedical imaging},
volume={2013},
year={2013},
publisher={Hindawi},
url={https://www5.cs.fau.de/research/data/fundus-images/}
}

Base DIARETDB0

@article{diaretdb0,
title={DIARETDB0: Evaluation database and methodology for diabetic retinopathy algorithms},
author={Kauppi, Tomi and Kalesnykiene, Valentina and Kamarainen, Joni-Kristian and Lensu, Lasse and Sorri, Iiris and Uusitalo, Hannu and K{\"a}lvi{\"a}inen, Heikki and Pietil{\"a}, Juhani},
journal={Machine Vision and Pattern Recognition Research Group, Lappeenranta University of Technology, Finland},
volume={73},
year={2006},
url={http://www.it.lut.fi/project/imageret/diaretdb0/}
}


Base DIARETDB1


@inproceedings{diaretdb1,
title={DIARETDB1 diabetic retinopathy database and evaluation protocol},
author={K{\"a}lvi{\"a}inen, RVJPH and Uusitalo, H},
booktitle={Medical Image Understanding and Analysis},
volume={2007},
pages={61},
year={2007},
organization={Citeseer},
url={http://www.it.lut.fi/project/imageret/diaretdb1/}
}



Base E-Ophtha

@article{eophtha,
title={TeleOphta: Machine learning and image processing methods for teleophthalmology},
author={Decenci{\`e}re, Etienne and Cazuguel, Guy and Zhang, Xiwei and Thibault, Guillaume and Klein, J-C and Meyer, Fernand and Marcotegui, Beatriz and Quellec, Gw{\'e}nol{\'e} and Lamard, Mathieu and Danno, Ronan and others},
journal={Irbm},
volume={34},
number={2},
pages={196--203},
year={2013},
publisher={Elsevier},
url={http://www.adcis.net/fr/T%C3%A9l%C3%A9charger-Logiciels-Bases-Tiers/E-Ophtha.html}
}

Base ROC


@article{roc,
title={Retinopathy online challenge: automatic detection of microaneurysms in digital color fundus photographs},
author={Niemeijer, Meindert and Van Ginneken, Bram and Cree, Michael J and Mizutani, Atsushi and Quellec, Gw{\'e}nol{\'e} and S{\'a}nchez, Clara I and Zhang, Bob and Hornero, Roberto and Lamard, Mathieu and Muramatsu, Chisako and others},
journal={IEEE transactions on medical imaging},
volume={29},
number={1},
pages={185--195},
year={2010},
publisher={IEEE},
url={http://webeye.ophth.uiowa.edu/ROC/}
}


DRISHTI

@article{drishti,
title={A comprehensive retinal image dataset for the assessment of glaucoma from the optic nerve head analysis},
author={Sivaswamy, Jayanthi and Krishnadas, S and Chakravarty, Arunava and Joshi, GD and Tabish, A Syed and others},
journal={JSM Biomedical Imaging Data Papers},
volume={2},
number={1},
pages={1004},
year={2015},
}

@inproceedings{sivaswamy2014drishti,
	title={Drishti-gs: Retinal image dataset for optic nerve head (onh) segmentation},
	author={Sivaswamy, Jayanthi and Krishnadas, SR and Joshi, Gopal Datt and Jain, Madhulika and Tabish, A Ujjwaft Syed},
	booktitle={2014 IEEE 11th International Symposium on Biomedical Imaging (ISBI)},
	pages={53--56},
	year={2014},
	organization={IEEE},
	url={http://cvit.iiit.ac.in/projects/mip/drishti-gs/mip-dataset2/Home.php}
}

%---------------------------------------------------------

Related work

@article{chakravarty,
title={Joint optic disc and cup boundary extraction from monocular fundus images},
author={Chakravarty, Arunava and Sivaswamy, Jayanthi},
journal={Computer methods and programs in biomedicine},
volume={147},
pages={51--61},
year={2017},
publisher={Elsevier}
}

@inproceedings{nugraha,
title={Segmentation of the Optic Disc and Optic Cup Using Histogram Feature-Based Adaptive Threshold for Cup to Disk Ratio},
author={Nugraha, Gibran Satya and Soesanti, Indah},
booktitle={MATEC Web of Conferences},
volume={75},
pages={05003},
year={2016},
organization={EDP Sciences}
}

@article{priyadharsini,
title={Optic disc and cup segmentation in fundus retinal images using feature detection and morphological techniques},
author={Priyadharsini, R and Beulah, A and Sharmila, T Sree},
journal={CURRENT SCIENCE},
volume={115},
number={4},
pages={748},
year={2018},
publisher={INDIAN ACAD SCIENCES CV RAMAN AVENUE, SADASHIVANAGAR, PB\# 8005, BANGALORE~â€¦}
}




%----------------------- OD detection ---------------------------------

@article{dr,
title={A contribution of image processing to the diagnosis of diabetic retinopathy-detection of exudates in color fundus images of the human retina},
author={Walter, Thomas and Klein, J-C and Massin, Pascale and Erginay, Ali},
journal={IEEE transactions on medical imaging},
volume={21},
number={10},
pages={1236--1243},
year={2002},
publisher={IEEE}
}


@article{chrastek,
title={Automated segmentation of the optic nerve head for diagnosis of glaucoma},
author={Chr{\'a}stek, Radim and Wolf, Matthias and Donath, Klaus and Niemann, Heinrich and Paulus, Dietrich and Hothorn, Torsten and Lausen, Berthold and L{\"a}mmer, Robert and Mardin, Christian Y and Michelson, Georg},
journal={Medical Image Analysis},
volume={9},
number={4},
pages={297--314},
year={2005},
publisher={Elsevier}
}

@article{rahebi,
title={A new approach to optic disc detection in human retinal images using the firefly algorithm},
author={Rahebi, Javad and Hardala{\c{c}}, F{\i}rat},
journal={Medical \& biological engineering \& computing},
volume={54},
number={2-3},
pages={453--461},
year={2016},
publisher={Springer}
}


@article{pourreza,
title={Computationally efficient optic nerve head detection in retinal fundus images},
author={Pourreza-Shahri, Reza and Tavakoli, Meysam and Kehtarnavaz, Nasser},
journal={Biomedical Signal Processing and Control},
volume={11},
pages={63--73},
year={2014},
publisher={Elsevier}
}

@article{hashim,
title={Optic disc boundary detection from digital fundus images},
author={Hashim, FA and Salem, NM and Seddik, Ahmed Farag},
journal={Journal of Medical Imaging and Health Informatics},
volume={5},
number={1},
pages={50--56},
year={2015},
publisher={American Scientific Publishers}
}50--56}
}

@inproceedings{giraddi,
title={Optic disc detection using geometric properties and GVF snake},
author={Giraddi, Shantala and Pujari, Jagadeesh and Hiremath, PS},
booktitle={2017 1st International Conference on Intelligent Systems and Information Management (ICISIM)},
pages={141--146},
year={2017},
organization={IEEE}
}


@article{foracchia,
  title={Detection of optic disc in retinal images by means of a geometrical model of vessel structure},
  author={Foracchia, Marco and Grisan, Enrico and Ruggeri, Alfredo},
  journal={IEEE transactions on medical imaging},
  volume={23},
  number={10},
  pages={1189--1195},
  year={2004},
  publisher={IEEE}
}

@article{zhang,
title={Novel accurate and fast optic disc detection in retinal images with vessel distribution and directional characteristics},
author={Zhang, Dongbo and Zhao, Yuanyuan},
journal={IEEE journal of biomedical and health informatics},
volume={20},
number={1},
pages={333--342},
year={2016},
publisher={IEEE}
}


@article{youssif,
title={Optic disc detection from normalized digital fundus images by means of a vessels' direction matched filter},
author={Youssif, Aliaa Abdel-Haleim Abdel-Razik and Ghalwash, Atef Zaki and Ghoneim, Amr Ahmed Sabry Abdel-Rahman},
journal={IEEE transactions on medical imaging},
volume={27},
number={1},
pages={11--18},
year={2008},
publisher={IEEE}
}

@article{mahfouz,
  title={Fast localization of the optic disc using projection of image features},
  author={Mahfouz, Ahmed E and Fahmy, Ahmed S},
  journal={IEEE Transactions on Image Processing},
  volume={19},
  number={12},
  pages={3285--3289},
  year={2010},
  publisher={IEEE}
}


@article{xiong,
title={An approach to locate optic disc in retinal images with pathological changes},
author={Xiong, Li and Li, Huiqi},
journal={Computerized Medical Imaging and Graphics},
volume={47},
pages={40--50},
year={2016},
publisher={Elsevier}
}


@article{soares,
title={Optic disc localization in retinal images based on cumulative sum fields},
author={Soares, Ivo and Castelo-Branco, Miguel and Pinheiro, Antonio MG},
journal={IEEE journal of biomedical and health informatics},
volume={20},
number={2},
pages={574--585},
year={2016},
publisher={IEEE}
}


@article{dehghani,
  title={Optic disc localization in retinal images using histogram matching},
  author={Dehghani, Amin and Moghaddam, Hamid Abrishami and Moin, Mohammad-Shahram},
  journal={EURASIP Journal on Image and Video Processing},
  volume={2012},
  number={1},
  pages={19},
  year={2012},
  publisher={Springer}
}


@inproceedings{wankhede,
title={Optic disc detection using histogram based template matching},
author={Wankhede, PR and Khanchandani, KB},
booktitle={2016 International Conference on Signal Processing, Communication, Power and Embedded System (SCOPES)},
pages={182--185},
year={2016},
organization={IEEE}
}


@inproceedings{sayadia2,
title={Computational efficiency of optic disk detection on fundus image: a survey},
author={Ben Sayadia, Sofien and Elloumi, Yaroub and Akil, Mohamed and Bedoui, Mohamed Hedi},
booktitle={Society of Photo-Optical Instrumentation Engineers (SPIE) Conference Series},
volume={10670},
year={2018}
}


@book{firefly,
  title={Nature-inspired metaheuristic algorithms},
  author={Yang, Xin-She},
  year={2010},
  publisher={Luniver press}
}

@article{radon,
  title={On the determination of functions from their integral values along certain manifolds},
  author={Radon, Johann},
  journal={IEEE transactions on medical imaging},
  volume={5},
  number={4},
  pages={170--176},
  year={1986},
  publisher={IEEE}
}


@article{osareh,
  title={Automated identification of diabetic retinal exudates in digital colour images},
  author={Osareh, Alireza and Mirmehdi, Majid and Thomas, Bari and Markham, Richard},
  journal={British Journal of Ophthalmology},
  volume={87},
  number={10},
  pages={1220--1223},
  year={2003},
  publisher={BMJ Publishing Group Ltd}
}



%---------------------- Segmentation OC et OD

@inproceedings{zhu,
  title={Detection of the optic disc in images of the retina using the Hough transform},
  author={Zhu, Xiaolu and Rangayyan, Rangaraj M},
  booktitle={2008 30th Annual International Conference of the IEEE Engineering in Medicine and Biology Society},
  pages={3546--3549},
  year={2008},
  organization={IEEE}
}


@article{aquino,
  title={Detecting the optic disc boundary in digital fundus images using morphological, edge detection, and feature extraction techniques},
  author={Aquino, Arturo and Geg{\'u}ndez-Arias, Manuel Emilio and Mar{\'\i}n, Diego},
  journal={IEEE transactions on medical imaging},
  volume={29},
  number={11},
  pages={1860--1869},
  year={2010},
  publisher={IEEE}
}

@inproceedings{yin,
  title={Model-based optic nerve head segmentation on retinal fundus images},
  author={Yin, Fengshou and Liu, Jiang and Ong, Sim Heng and Sun, Ying and Wong, Damon WK and Tan, Ngan Meng and Cheung, Carol and Baskaran, Mani and Aung, Tin and Wong, Tien Yin},
  booktitle={2011 Annual International Conference of the IEEE Engineering in Medicine and Biology Society},
  pages={2626--2629},
  year={2011},
  organization={IEEE}
}


@inproceedings{wong,
  title={Learning-based approach for the automatic detection of the optic disc in digital retinal fundus photographs},
  author={Wong, Damon Wing Kee and Liu, Jiang and Tan, Ngan Meng and Yin, Fengshou and Lee, Beng-Hai and Wong, Tien Yin},
  booktitle={2010 Annual International Conference of the IEEE Engineering in Medicine and Biology},
  pages={5355--5358},
  year={2010},
  organization={IEEE}
}


@inproceedings{stapor,
  title={Segmentation of fundus eye images using methods of mathematical morphology for glaucoma diagnosis},
  author={Stapor, Katarzyna and {\'S}witonski, Adam and Chrastek, Radim and Michelson, Georg},
  booktitle={International Conference on Computational Science},
  pages={41--48},
  year={2004},
  organization={Springer}
}


@article{joshi,
  title={Optic disk and cup segmentation from monocular color retinal images for glaucoma assessment},
  author={Joshi, Gopal Datt and Sivaswamy, Jayanthi and Krishnadas, SR},
  journal={IEEE transactions on medical imaging},
  volume={30},
  number={6},
  pages={1192--1205},
  year={2011},
  publisher={IEEE}
}


@article {bock,
author = {Bock, R. and Meier, J. and Michelson, G. and NyÃ¹l, L.G. and Hornegger, J.},
journal={Pattern Recognition},
title = {Classifying Glaucoma With Image-Based Features From Fundus Photographs},
volume={},
number={},
month={},
year = {2007},
pages = {355â€“364},
}

@article{bock2010,
  title={Glaucoma risk index: automated glaucoma detection from color fundus images},
  author={Bock, R{\"u}diger and Meier, J{\"o}rg and Ny{\'u}l, L{\'a}szl{\'o} G and Hornegger, Joachim and Michelson, Georg},
  journal={Medical image analysis},
  volume={14},
  number={3},
  pages={471--481},
  year={2010},
  publisher={Elsevier}
}


@article{maheshwari,
  title={Iterative variational mode decomposition based automated detection of glaucoma using fundus images},
  author={Maheshwari, Shishir and Pachori, Ram Bilas and Kanhangad, Vivek and Bhandary, Sulatha V and Acharya, U Rajendra},
  journal={Computers in biology and medicine},
  volume={88},
  pages={142--149},
  year={2017},
  publisher={Elsevier}
}


@article{guerre,
	author = {Guerre, A. and Martinez-del-Rincon, J. and Miller, P. and Azuara-Blanco, A.},
	journal={Irish Machine Vision and Image Processing Conference},
	title = {Automatic Analysis of Digital Retinal Images for Glaucoma Detection},
	year = {2014}
}

@article{hu,
  title={Optic cup segmentation from fundus images for glaucoma diagnosis},
  author={Hu, Man and Zhu, Chenghao and Li, Xiaoxing and Xu, Yongli},
  journal={Bioengineered},
  volume={8},
  number={1},
  pages={21--28},
  year={2017},
  publisher={Taylor \& Francis}
}


@inproceedings{inoue,
  title={Development of a simple diagnostic method for the glaucoma using ocular Fundus pictures.},
  author={Inoue, Naoto and Yanashima, Kenji and Magatani, Kazushige and Kurihara, TAKT},
  booktitle={2005 IEEE Engineering in Medicine and Biology 27th Annual Conference},
  pages={3355--3358},
  year={2006},
  organization={IEEE}
}


@article{maldhure,
  title={Glaucoma Detection Using Optic Cup and Optic Disc Segmentation},
  author={Maldhure, Prasad N and Dixit, VV},
  journal={International Journal of Engineering Trends and Technology (IJETT)},
  volume={20},
  number={2},
  pages={52--55},
  year={2015},
  publisher={Citeseer}
}

@article{pedersen,
  title={Circular hough transform},
  author={Pedersen, Simon Just Kjeldgaard},
  journal={Aalborg University, Vision, Graphics, and Interactive Systems},
  volume={123},
  number={6},
  year={2007}
}


@article{houghsurvey,
  title={A survey on Hough transform, theory, techniques and applications},
  author={Hassanein, Allam Shehata and Mohammad, Sherien and Sameer, Mohamed and Ragab, Mohammad Ehab},
  journal={arXiv preprint arXiv:1502.02160},
  year={2015}
}


@article{pizer,
  title={Adaptive histogram equalization and its variations},
  author={Pizer, Stephen M and Amburn, E Philip and Austin, John D and Cromartie, Robert and Geselowitz, Ari and Greer, Trey and ter Haar Romeny, Bart and Zimmerman, John B and Zuiderveld, Karel},
  journal={Computer vision, graphics, and image processing},
  volume={39},
  number={3},
  pages={355--368},
  year={1987},
  publisher={Elsevier}
}


@inproceedings{ayub,
  title={Glaucoma detection through optic disc and cup segmentation using K-mean clustering},
  author={Ayub, Javeria and Ahmad, Jamil and Muhammad, Jan and Aziz, Lubna and Ayub, Sara and Akram, Usman and Basit, Imran},
  booktitle={2016 International Conference on Computing, Electronic and Electrical Engineering (ICE Cube)},
  pages={143--147},
  year={2016},
  organization={IEEE}
}


@article{saunders,
  title={Ophthalmic statistics note 5: diagnostic testsâ€”sensitivity and specificity},
  author={Saunders, Luke J and Zhu, Haogang and Bunce, Catey and Dor{\'e}, Caroline J and Freemantle, Nick and Crabb, David P and others},
  journal={British Journal of Ophthalmology},
  volume={99},
  number={9},
  pages={1168--1170},
  year={2015},
  publisher={BMJ Publishing Group Ltd}
}


@article{ghosh,
  title={Comparative analysis of k-means and fuzzy c-means algorithms},
  author={Ghosh, Soumi and Dubey, Sanjay Kumar},
  journal={International Journal of Advanced Computer Science and Applications},
  volume={4},
  number={4},
  year={2013},
  publisher={Citeseer}
}


@inproceedings{weiss,
  title={Real-Time Feature Detection Using the Hough Transform.},
  author={Weiss, John M},
  booktitle={CAINE},
  pages={168--173},
  year={2008}
}


@article{mukhopadhyay,
  title={A survey of Hough Transform},
  author={Mukhopadhyay, Priyanka and Chaudhuri, Bidyut B},
  journal={Pattern Recognition},
  volume={48},
  number={3},
  pages={993--1010},
  year={2015},
  publisher={Elsevier}
}


@article{Xu2015,
  title={A comprehensive survey of clustering algorithms},
  author={Xu, Dongkuan and Tian, Yingjie},
  journal={Annals of Data Science},
  volume={2},
  number={2},
  pages={165--193},
  year={2015},
  publisher={Springer}
}


@inproceedings{kmeans,
  title={Some methods for classification and analysis of multivariate observations},
  author={MacQueen, James and others},
  booktitle={Proceedings of the fifth Berkeley symposium on mathematical statistics and probability},
  volume={1},
  pages={281--297},
  year={1967},
  organization={Oakland, CA, USA}
}


@article{celebi,
  title={A comparative study of efficient initialization methods for the k-means clustering algorithm},
  author={Celebi, M Emre and Kingravi, Hassan A and Vela, Patricio A},
  journal={Expert systems with applications},
  volume={40},
  number={1},
  pages={200--210},
  year={2013},
  publisher={Elsevier}
}



@article{kodinariya,
  title={Survey on exiting method for selecting initial centroids in k-means clustering},
  author={Kodinariya, Trupti M and Prashant, R Makwana},
  year={2014},
  publisher={Citeseer},
  journal = {International Journal of Engineering Development and Research}
}


@incollection{canny,
  title={A computational approach to edge detection},
  author={Canny, John},
  booktitle={Readings in computer vision},
  pages={184--203},
  year={1987},
  publisher={Elsevier}
}


@article{gulshan,
	title={Development and validation of a deep learning algorithm for detection of diabetic retinopathy in retinal fundus photographs},
	author={Gulshan, Varun and Peng, Lily and Coram, Marc and Stumpe, Martin C and Wu, Derek and Narayanaswamy, Arunachalam and Venugopalan, Subhashini and Widner, Kasumi and Madams, Tom and Cuadros, Jorge and others},
	journal={Jama},
	volume={316},
	number={22},
	pages={2402--2410},
	year={2016},
	publisher={American Medical Association}
}

@article{zilly,
	title = {Glaucoma detection using entropy sampling and ensemble learning for automatic optic cup and disc segmentation},
	journal = {Computerized Medical Imaging and Graphics},
	volume = {55},
	pages = {28--41},
	year = {2017},
	author = {Zilly, Julian and Buhmann, Joachim M. and Mahapatra, Dwarikanath}
}

@inproceedings{norouzifard,
	title={Automated Glaucoma Diagnosis Using Deep and Transfer Learning: Proposal of a System for Clinical Testing},
	author={Norouzifard, Mohammad and Nemati, Ali and GholamHosseini, Hamid and Klette, Reinhard and Nouri-Mahdavi, Kouros and Yousefi, Siamak},
	booktitle={2018 International Conference on Image and Vision Computing New Zealand (IVCNZ)},
	pages={1--6},
	year={2018},
	organization={IEEE}
}


@article{fingeret,
	title={Five rules to evaluate the optic disc and retinal nerve fiber layer for glaucoma},
	author={Fingeret, Murray and Medeiros, Felipe A and Susanna Jr, Remo and Weinreb, Robert N},
	journal={Optometry-Journal of the American Optometric Association},
	volume={76},
	number={11},
	pages={661--668},
	year={2005},
	publisher={Elsevier}
}

@article{medeiros,
	title={Evaluation of retinal nerve fiber layer, optic nerve head, and macular thickness measurements for glaucoma detection using optical coherence tomography},
	author={Medeiros, Felipe A and Zangwill, Linda M and Bowd, Christopher and Vessani, Roberto M and Susanna Jr, Remo and Weinreb, Robert N},
	journal={American journal of ophthalmology},
	volume={139},
	number={1},
	pages={44--55},
	year={2005},
	publisher={Elsevier}
}

@article{Jonas,
	author = {Jonas, Jost B. and FernÃ¡ndez, MartÃ­n C. and Naumann, Gottfried O. H.},
	title = "{Glaucomatous Parapapillary Atrophy: Occurrence and Correlations}",
	journal = {JAMA Ophthalmology},
	volume = {110},
	number = {2},
	pages = {214-222},
	year = {1992},
	month = {02},
	issn = {2168-6165},
	doi = {10.1001/archopht.1992.01080140070030},
	url = {https://doi.org/10.1001/archopht.1992.01080140070030},
	eprint = {https://jamanetwork.com/journals/jamaophthalmology/articlepdf/639523/archopht\_110\_2\_030.pdf},
}


@inproceedings{soltany2011fast,
	title={Fast and accurate pupil positioning algorithm using circular Hough transform and gray projection},
	author={Soltany, Milad and Zadeh, Saeid Toosi and Pourreza, Hamid-Reza},
	booktitle={International Conference on Computer Communication and Management},
	year={2011}
}

@article{foster2002definition,
	title={The definition and classification of glaucoma in prevalence surveys},
	author={Foster, Paul J and Buhrmann, Ralf and Quigley, Harry A and Johnson, Gordon J},
	journal={British journal of ophthalmology},
	volume={86},
	number={2},
	pages={238--242},
	year={2002},
	publisher={BMJ Publishing Group Ltd}
}